@Misc{youtubehijack,
  OPTkey =       {},
  author =    {Ripe},
  title =     {Youtube Hijacking},
  howpublished = {http://www.ripe.net/internet-coordination/news/industry-developments/youtube-hijacking-a-ripe-ncc-ris-case-study},
  OPTmonth =     {},
  OPTyear =      {},
  OPTnote =      {},
  OPTannote =    {}
}

